@book{Virt,
title="Теория формальных языков: Учебное пособие",
author={Вирт Н.},
address = {Москва},
publisher = "ДМК-Пресс",
year = "2016",
pages = "272"
}

@book{Okulov,
title="Алгоритмы обработки строк",
author={Окулов С. М.},
address = {Москва},
publisher = "Лаборатория знаний",
year = "2020",
pages = "258"
}

@book{Smith,
title="Методы и алгоритмы вычислений на строках",
author={Смит Б.},
address = {Москва},
publisher = "Диалектика",
year = "2006",
pages = "496"
}

@book{Gaidak,
title="Расстояние Левенштейна для чайников",
author="Гайдак В.",
publisher = "Хабр",
year = "2022",
note = "URL: https://habr.com/ru/articles/676858/ (дата обращения: 10.08.23)",
}
